@BOOK{ambler:refactoring,
    AUTHOR = "Scott W. Ambler and Pramod J. Sadalage",
    TITLE = "Refactoring Databases: Evolutionary Database Design",
    PUBLISHER = "Addison-Wesley Professional",
    YEAR = "2006"}

@ARTICLE{maule:impact,
    AUTHOR = "Andy Maule and Wolfgang Emmerich and David S. Rosenblum",
    TITLE = "Impact analysis of database schema changes",
    JOURNAL = {International },
    VOLUME = {12},
    NUMBER = {2},
    PAGES = {291-301},
    MONTH = "June",
    YEAR = {1991}   }

@inproceedings{curino:evolution,
 author = {Curino, Carlo and Moon, Hyun J. and Zaniolo, Carlo},
 title = {Automating database schema evolution in information system upgrades},
 booktitle = {HotSWUp '09: Proceedings of the Second International Workshop on Hot Topics in Software Upgrades},
 year = {2009},
 isbn = {978-1-60558-723-3},
 pages = {1--5},
 location = {Orlando, Florida},
 doi = {http://doi.acm.org.proxy.lib.umich.edu/10.1145/1656437.1656444},
 publisher = {ACM},
 address = {New York, NY, USA},
 }
    
@article{sockut:reorganization,
 author = {Sockut, Gary H. and Iyer, Balakrishna R.},
 title = {Online reorganization of databases},
 journal = {ACM Comput. Surv.},
 volume = {41},
 number = {3},
 year = {2009},
 issn = {0360-0300},
 pages = {1--136},
 doi = {http://doi.acm.org.proxy.lib.umich.edu/10.1145/1541880.1541881},
 publisher = {ACM},
 address = {New York, NY, USA},
 }

@article{yang:summarizing,
 author = {Yang, Xiaoyan and Procopiuc, Cecilia M. and Srivastava, Divesh},
 title = {Summarizing relational databases},
 journal = {Proc. VLDB Endow.},
 volume = {2},
 number = {1},
 year = {2009},
 issn = {2150-8097},
 pages = {634--645},
 publisher = {VLDB Endowment},
 }
 
 @article{catarci:heterogeneous,
 author = {Catarci, T. and Santucci, G. and Cardiff, J.},
 title = {Graphical interaction with heterogeneous databases},
 journal = {The VLDB Journal},
 volume = {6},
 number = {2},
 year = {1997},
 issn = {1066-8888},
 pages = {097--120},
 doi = {http://dx.doi.org.proxy.lib.umich.edu/10.1007/s007780050035},
 publisher = {Springer-Verlag New York, Inc.},
 address = {Secaucus, NJ, USA},
 }
 
 @inproceedings{desouza:documentation,
 author = {de Souza, Sergio Cozzetti B. and Anquetil, Nicolas and de Oliveira, K\'{a}thia M.},
 title = {A study of the documentation essential to software maintenance},
 booktitle = {SIGDOC '05: Proceedings of the 23rd annual international conference on Design of communication},
 year = {2005},
 isbn = {1-59593-175-9},
 pages = {68--75},
 location = {Coventry, United Kingdom},
 doi = {http://doi.acm.org/10.1145/1085313.1085331},
 publisher = {ACM},
 address = {New York, NY, USA},
 }
 
 @INPROCEEDINGS{anquetil:atool,
    author = {N Anquetil and K M Oliveira and A G dos Santos and P C da Silva jr and L C de Araujo jr and S D Vieira},
    title = {A tool to automate re-documentation},
    booktitle = {In Forum of the CAISE, Conference on Advanced Information Systems Engineering (CAiSE?05)},
    year = {2005},
    pages = {15}
}
 
@INPROCEEDINGS{sousa:maintenance, 
  author={Sousa, M.J.C. and Moreira, H.M.}, 
  journal={Software Maintenance, 1998. Proceedings. International Conference on}, title={A survey on the Software Maintenance Process}, 
  year={1998}, 
  month={nov}, 
  pages={265 -274}, 
  keywords={Portugal;characterisation;field survey;process models;software maintenance;software maintenance process;software maintenance;software process improvement;}, 
  doi={10.1109/ICSM.1998.738518}
}

@ARTICLE{rajlich:webredoc, 
author={Rajlich, V.}, 
journal={Software, IEEE}, title={Incremental redocumentation using the Web}, 
year={2000}, 
month={sep/oct}, 
volume={17}, 
number={5}, 
pages={102 -106}, 
keywords={Partitioned Annotations of Software;World Wide Web;cost-effectiveness;incremental re-documentation;inherited software;software application evolution;software company;information resources;software houses;software maintenance;software tools;system documentation;}, 
doi={10.1109/52.877875}, 
ISSN={0740-7459}
}

@inproceedings{jag:summarization,
 author = {Yu, Cong and Jagadish, H. V.},
 title = {Schema summarization},
 booktitle = {VLDB '06: Proceedings of the 32nd international conference on Very large data bases},
 year = {2006},
 pages = {319--330},
 location = {Seoul, Korea},
 publisher = {VLDB Endowment},
 }
 
 @inproceedings{adar:zoetrope,
 author = {Adar, Eytan and Dontcheva, Mira and Fogarty, James and Weld, Daniel S.},
 title = {Zoetrope: interacting with the ephemeral web},
 booktitle = {UIST '08: Proceedings of the 21st annual ACM symposium on User interface software and technology},
 year = {2008},
 isbn = {978-1-59593-975-3},
 pages = {239--248},
 location = {Monterey, CA, USA},
 doi = {http://doi.acm.org/10.1145/1449715.1449756},
 publisher = {ACM},
 address = {New York, NY, USA},
 }
 
@misc{web:doxygen,
    Title = {Doxygen},
    howpublished = "http://www.stack.nl/~dimitri/doxygen/"
}

@misc{web:javadoc,
    Title = {JavaDoc},
    howpublished = "http://java.sun.com/j2se/javadoc/"
}

@misc{web:visio,
    Title = {Visio},
    howpublished = "http://office.microsoft.com/en-us/visio/default.aspx"
}

@misc{web:mysqlworkbench,
    Title = {MySQL Workbench},
    howpublished = "http://wb.mysql.com/"
}

@misc{web:graphviz,
    Title = {Graphviz},
    howpublished = "http://www.graphviz.org/Documentation.php/"
}

@misc{web:schemaspy,
    Title = {SchemaSpy},
    howpublished = "http://schemaspy.sourceforge.net/"
}

@misc{web:wolfram,
    Title = {WolframAlpha},
    howpublished = "http://www.wolframalpha.com/"
}

@misc{web:mediawiki,
    Title = {MediaWiki},
    howpublished = "http://www.mediawiki.org/wiki/MediaWiki/"
}
